<?xml version="1.0" encoding="UTF-8"?><collection xmlns="http://www.loc.gov/MARC21/slim"><record><leader>00443nam--2200145-i-4500</leader><controlfield tag="001">000031223</controlfield><controlfield tag="002">20161230</controlfield><controlfield tag="005">20161230201038</controlfield><controlfield tag="008">060222s1000------------r-----000-0-eng-d</controlfield><datafield ind1=" " ind2=" " tag="080"><subfield code="a">620.91:621.039</subfield></datafield><datafield ind1=" " ind2=" " tag="100"><subfield code="a">Miley, George H</subfield></datafield><datafield ind1=" " ind2=" " tag="245"><subfield code="a">Direct conversiion of nuclear radiation energy</subfield></datafield><datafield ind1=" " ind2=" " tag="260"><subfield code="a">Hinsdale, Illinois, American Nuclear Sociey, 1970. Xiii + 518p</subfield></datafield><datafield ind1=" " ind2=" " tag="490"><subfield code="a">Monograph Series On Nuclear Science And Technology</subfield></datafield><datafield ind1=" " ind2=" " tag="852"><subfield code="a">48677</subfield></datafield></record></collection>